@misc{gitid, title={AlDanial/cloc}, url={https://github.com/AlDanial/cloc}, journal={GitHub}, author={AlDanial}, year={2017}, month={Jun}}
